@book{Wettl04,
  author    = {Ferenc Wettl and Gyula Mayer and Péter Szabó},
  publisher = {Panem Könyvkiadó},
  title     = {\LaTeX~kézikönyv},
  year      = {2004},
}

@article{Candy86,
  author       = {James C. Candy},
  journaltitle = {{IEEE} Trans.\ on Communications},
  month        = {01},
  note         = {\doi{10.1109/TCOM.1986.1096432}},
  number       = {1},
  pages        = {72--76},
  title        = {Decimation for Sigma Delta Modulation},
  volume       = {34},
  year         = {1986},
}

@inproceedings{Lee87,
  author    = {Wai L. Lee and Charles G. Sodini},
  booktitle = {Proc.\ of the IEEE International Symposium on Circuits and Systems},
  location  = {Philadelphia, PA, USA},
  month     = {05~4--7},
  pages     = {459--462},
  title     = {A Topology for Higher Order Interpolative Coders},
  vol       = {2},
  year      = {1987},
}

@thesis{KissPhD,
  author      = {Peter Kiss},
  institution = {Technical University of Timi\c{s}oara, Romania},
  month       = {04},
  title       = {Adaptive Digital Compensation of Analog Circuit Imperfections for Cascaded Delta-Sigma Analog-to-Digital Converters},
  type        = {phdthesis},
  year        = {2000},
}

@manual{Schreier00,
  author       = {Richard Schreier},
  month        = {01},
  note         = {\url{http://www.mathworks.com/matlabcentral/fileexchange/}},
  organization = {Oregon State University},
  title        = {The Delta-Sigma Toolbox v5.2},
  year         = {2000},
}

@misc{DipPortal,
  author       = {{Budapesti Műszaki és Gazdaságtudományi Egyetem Villamosmérnöki és Informatikai Kar}},
  howpublished = {\url{http://diplomaterv.vik.bme.hu/}},
  title        = {Diplomaterv portál (2011. február 26.)},
}

@incollection{Mkrtychev:1997,
  author    = {Mkrtychev, Alexey},
  booktitle = {Logical Foundations of Computer Science},
  doi       = {10.1007/3-540-63045-7_27},
  editor    = {Adian, Sergei and Nerode, Anil},
  isbn      = {978-3-540-63045-6},
  pages     = {266-275},
  publisher = {Springer Berlin Heidelberg},
  series    = {Lecture Notes in Computer Science},
  title     = {Models for the logic of proofs},
  url       = {http://dx.doi.org/10.1007/3-540-63045-7_27},
  volume    = {1234},
  year      = {1997},
}

@report{Jeney,
  author      = {Jeney, Gábor},
  institution = {Budapesti Műszaki és Gazdaságtudományi Egyetem, Híradástechnikai Tanszék},
  location    = {Budapest},
  note        = {\url{http://www.mcl.hu/~jeneyg/kinezet.pdf}},
  title       = {Hogyan néz ki egy igényes dokumentum? {N}éhány szóban az alapvető tipográfiai szabályokról},
  type        = {techreport},
  year        = {2014},
}

@misc{intelscaler, url={https://www.intel.com/content/www/us/en/docs/programmable/683329/24-1/scaler.html}, journal={Scaler Intel® FPGA IP}} 

@misc{xilinxscaler, url={https://www.xilinx.com/products/intellectual-property/1-1bkvlcw.html}, journal={xilinxscaler}} 

@misc{Zipcores, url={https://www.zipcores.com/digital-video-scaler.html}, journal={Zipcores}} 

@misc{forwardmapping, title={Forward mapping}, url={https://alwynm.github.io/blog/research/forward-mapping}, journal={Alwyn Mathew}, author={Alwyn Mathew}, year={2019}, month={Feb}} 

@article{forwardbackward,
	author = {Chen, Long and Tang, Wen and John, Nigel},
	year = {2018},
	month = {03},
	pages = {},
	title = {Self-Supervised Monocular Image Depth Learning and Confidence Estimation},
	volume = {381},
	journal = {Neurocomputing},
	doi = {10.1016/j.neucom.2019.11.038}
}

@misc{Wikipediabilinear_2024, url={https://en.wikipedia.org/wiki/Bilinear_interpolation}, journal={Wikipediabilinear}, publisher={Wikimedia Foundation}, year={2024}, month={Feb}} 

@misc{Xilinx_poly, url={https://docs.amd.com/v/u/en-US/pg009_v_scaler}, journal={AMD Technical Information Portal}} 

@misc{Bart Wronski_2020, url={https://bartwronski.com/2020/02/03/separate-your-filters-svd-and-low-rank-approximation-of-image-filters/}, journal={Bart Wronski}, year={2020}, month={Apr}} 